@book{peskir2006optimal,
  title={Optimal Stopping and Free-Boundary Problems},
  author={Peskir, G. and Shiryaev, A. and Shiri︠a︡ev, A.N.},
  number={v. 10},
  isbn={9783764324193},
  lccn={2006049876},
  series={Lectures in Mathematics. ETH Z{\"u}rich},
  url={https://books.google.com.mx/books?id=EmWongEACAAJ},
  year={2006},
  publisher={SPRINGER VERLAG NY}
}

@book{lawler2010random,
  title={Random Walk and the Heat Equation},
  author={Lawler, G.F.},
  isbn={9780821884713},
  url={https://books.google.com.mx/books?id=ZHuoXnle5GEC},
  year={2010},
  publisher={University of Chicago, Department of Mathematics}
}


@misc{peng2010nonlinear,
      title={Nonlinear Expectations and Stochastic Calculus under Uncertainty}, 
      author={Shige Peng},
      year={2010},
      eprint={1002.4546},
      archivePrefix={arXiv},
      primaryClass={math.PR}
}

@misc{crandall1992users,
      title={user's guide to viscosity solutions of second order partial differential equations}, 
      author={Michael G. Crandall and Hitoshi Ishii and Pierre-Louis Lions},
      year={1992},
      eprint={math/9207212},
      archivePrefix={arXiv},
      primaryClass={math.AP}
}

@book{katzourakis2014introduction,
  title={An Introduction To Viscosity Solutions for Fully Nonlinear PDE with Applications to Calculus of Variations in L∞},
  author={Katzourakis, N.},
  isbn={9783319128283},
  lccn={2014954594},
  series={SpringerBriefs in Mathematics},
  url={https://books.google.com.mx/books?id=F9jvoQEACAAJ},
  year={2014},
  publisher={Springer International Publishing}
}
