@book{peskir2006optimal,
  title={Optimal Stopping and Free-Boundary Problems},
  author={Peskir, G. and Shiryaev, A. and Shiri︠a︡ev, A.N.},
  number={v. 10},
  isbn={9783764324193},
  lccn={2006049876},
  series={Lectures in Mathematics. ETH Z{\"u}rich},
  url={https://books.google.com.mx/books?id=EmWongEACAAJ},
  year={2006},
  publisher={SPRINGER VERLAG NY}
}

@book{lawler2010random,
  title={Random Walk and the Heat Equation},
  author={Lawler, G.F.},
  isbn={9780821884713},
  url={https://books.google.com.mx/books?id=ZHuoXnle5GEC},
  year={2010},
  publisher={University of Chicago, Department of Mathematics}
}